BibTeX | EndNote | ACM Ref
@inproceedings{Joachims:1998,
 author = {Joachims, Thorsten},
 title = {Text Categorization with Support Vector Machines: Learning with Many Relevant Features},
 booktitle = {Proceedings of the 10th European Conference on Machine Learning},
 series = {ECML'98},
 year = {1998},
 isbn = {3-540-64417-2, 978-3-540-64417-0},
 location = {Chemnitz, Germany},
 pages = {137--142},
 numpages = {6},
 url = {https://doi.org/10.1007/BFb0026683},
 doi = {10.1007/BFb0026683},
 acmid = {3108868},
 publisher = {Springer-Verlag},
 address = {Berlin, Heidelberg},
}

@book{Chakrabarti:2003,
  abstract = {TOC: 1 - Introduction 2 - Crawling the Web 3 - Web search and information retrieval 4 - Similarity and clustering 5 - Supervised learning 6 - Semisupervised learning 7 - Social network analysis 8 - Resource discovery 9 - The future of web mining},
  added-at = {2009-04-20T05:34:59.000+0200},
  address = {Amsterdam},
  author = {Chakrabarti, Soumen},
  biburl = {https://www.bibsonomy.org/bibtex/2722a822b6752526ee0e05c369f3cd6d4/diego_ma},
  interhash = {88bbf9b6bc5b9bd829085ae4bfa03a22},
  intrahash = {722a822b6752526ee0e05c369f3cd6d4},
  keywords = {search machine_learning similarity text_mining nlp inf_retr link_analysis clustering},
  library = {Mine (April 2009)},
  publisher = {Morgan Kaufmann},
  timestamp = {2009-04-20T05:34:59.000+0200},
  title = {Mining the Web: Discovering Knowledge from Hypertext Data},
  year = 2003
}

@inproceedings{rish2001empirical,
  added-at = {2015-12-06T18:18:48.000+0100},
  author = {Rish, Irina},
  biburl = {https://www.bibsonomy.org/bibtex/2c6150221dd474c526ce4d1ca1452d036/sb1989},
  booktitle = {IJCAI 2001 workshop on empirical methods in artificial intelligence},
  description = {Erkl√§rung von Naive Bayes},
  interhash = {f85f8955e771884344cfadc7a01ec498},
  intrahash = {c6150221dd474c526ce4d1ca1452d036},
  keywords = {final thema:llda},
  number = 22,
  organization = {IBM New York},
  pages = {41--46},
  timestamp = {2015-12-06T18:18:48.000+0100},
  title = {An empirical study of the naive Bayes classifier},
  volume = 3,
  year = 2001
}


@inproceedings{conf/kdd/2016,
  added-at = {2016-08-09T00:00:00.000+0200},
  author = {Ha, JungWoo and Pyo, Hyuna and Kim, Jeonghee},
  biburl = {https://www.bibsonomy.org/bibtex/2e539df89ae008c8a2f5c768f70e6c181/dblp},
  booktitle = {KDD},
  crossref = {conf/kdd/2016},
  editor = {Krishnapuram, Balaji and Shah, Mohak and Smola, Alexander J. and Aggarwal, Charu C. and Shen, Dou and Rastogi, Rajeev},
  ee = {http://doi.acm.org/10.1145/2939672.2939678},
  interhash = {58e82ab1ee08c8c459e11c612a6bd98a},
  intrahash = {e539df89ae008c8a2f5c768f70e6c181},
  isbn = {978-1-4503-4232-2},
  keywords = {dblp},
  pages = {107-115},
  publisher = {ACM},
  timestamp = {2017-08-16T11:39:05.000+0200},
  title = {Large-Scale Item Categorization in e-Commerce Using Multiple Recurrent Neural Networks.},
  url = {http://dblp.uni-trier.de/db/conf/kdd/kdd2016.html#HaPK16},
  year = 2016
}


@incollection{mikolov2013distributed,
  added-at = {2015-08-28T18:25:59.000+0200},
  author = {Mikolov, Tomas and Sutskever, Ilya and Chen, Kai and Corrado, Greg S and Dean, Jeff},
  biburl = {https://www.bibsonomy.org/bibtex/24068b331120ae60adb367eb4cd1b7407/thoni},
  booktitle = {NIPS},
  interhash = {4d7ff49f008ec05928f11e50f2db1cf9},
  intrahash = {4068b331120ae60adb367eb4cd1b7407},
  keywords = {blog_semnav_wiki deep deepwiki learning proposal solvatio tau word2vec},
  pages = {3111--3119},
  publisher = {Curran Associates, Inc.},
  timestamp = {2018-02-28T16:31:16.000+0100},
  title = {Distributed Representations of Words and Phrases and their Compositionality},
  url = {http://papers.nips.cc/paper/5021-distributed-representations-of-words-and-phrases-and-their-compositionality.pdf},
  year = 2013
}

@article{ZahavyMKM16,
  author    = {Tom Zahavy and
               Alessandro Magnani and
               Abhinandan Krishnan and
               Shie Mannor},
  title     = {Is a picture worth a thousand words? {A} Deep Multi-Modal Fusion Architecture
               for Product Classification in e-commerce},
  journal   = {CoRR},
  volume    = {abs/1611.09534},
  year      = {2016},
  url       = {http://arxiv.org/abs/1611.09534},
  archivePrefix = {arXiv},
  eprint    = {1611.09534},
  timestamp = {Mon, 13 Aug 2018 16:46:38 +0200},
  biburl    = {https://dblp.org/rec/bib/journals/corr/ZahavyMKM16},
  bibsource = {dblp computer science bibliography, https://dblp.org}
}

@article{ShenRMS12,
  author    = {Dan Shen and
               Jean{-}David Ruvini and
               Rajyashree Mukherjee and
               Neel Sundaresan},
  title     = {A study of smoothing algorithms for item categorization on e-commerce
               sites},
  journal   = {Neurocomputing},
  volume    = {92},
  pages     = {54--60},
  year      = {2012},
  url       = {https://doi.org/10.1016/j.neucom.2011.08.035},
  doi       = {10.1016/j.neucom.2011.08.035},
  timestamp = {Sat, 20 May 2017 00:25:04 +0200},
  biburl    = {https://dblp.org/rec/bib/journals/ijon/ShenRMS12},
  bibsource = {dblp computer science bibliography, https://dblp.org}
}